
%%% Bibliography for ICS paper

@InProceedings{SVC,
  author = 	 {C. Barrett and D. Dill and J. Levitt},
  title = 	 {Validity checking for combinations of theories 
                  with equality}, 
  booktitle = 	 {Formal Methods in Computer-Aided Design (FMCAD '96)},
  pages =	 {187--201},
  year =	 1996,
  editor =	 {M. Srivas and A. Camilleri},
  volume =	 1166,
  series =	 {Lecture Notes in Computer Science},
  address =	 {Palo Alto, CA},
  month =	 {November},
  publisher =	 {Springer-Verlag}
}

@InProceedings{PVS,
  author = 	 {S. Owre and J. M. Rushby and N. Shankar},
  title = 	 {{PVS: A prototype verification system}},
  booktitle = 	 {11th International Conference on Automated Deduction (CADE)},
  pages =	 {748--752},
  year =	 1992,
  editor =	 {Deepak Kapur},
  volume =	 607,
  series =	 {Lecture Notes in Artificial Intelligence},
  address =	 {Saratoga, NY},
  month =	 {June},
  publisher =	 {Springer-Verlag}
}

@InProceedings{STeP,
  author = 	 {Z. Manna and the STeP group},
  title = 	 {{STeP: Deductive-algorithmic verification of reactive 
                   and real-time systems}},
  booktitle = 	 {Computer Aided Verification (CAV 96)},
  pages =	 {415--418},
  year =	 1996,
  editor =	 {R. Alur and T. A. Henzinger},
  volume =	 1102,
  series =	 {Lecture Notes in Computer Science},
  address =	 {New Brunswick, NJ},
  month =	 {July/August},
  publisher =	 {Springer-Verlag}
}

@InProceedings{STP,
  author = 	 {R. E. Shostak and R. Schwartz and P. M. Melliar-Smith},
  title =       {{STP: A mechanized logic for specification and verification}},
  booktitle = 	 {6th International Conference on Automated Deduction (CADE)},
  year =	 1982,
  editor =	 {D. Loveland},
  volume =	 138,
  series =	 {Lecture Notes in Computer Science},
  address =	 {New York, NY},
  publisher =	 {Springer-Verlag}
}

@InProceedings{NeculaLee00,
  author = 	 {George C. Necula and Peter Lee},
  title = 	 {{Proof Generation in the Touchstone Theorem Prover}},
  booktitle = 	 {Proceedings of the 17th International Conference on 
                  Automated Deduction (CADE'00)},
  year =	 2000,
  address =	 {Pittsburgh},
  month =	 {June}
}

@Article{NelsonOppen79,
  author = 	 {G. Nelson and D. C. Oppen},
  title = 	 {{Simplification by cooperating decision procedures}},
  journal = 	 {ACM Transactions on Programming Languages and Systems},
  year = 	 1979,
  volume =	 1,
  number =	 2,
  pages =	 {245--257}
}

@Unpublished{RuessShankar2001,
  author = 	 {Harald Rue{\ss} and N. Shankar},
  title = 	 {{Deconstructing Shostak}},
  year =         2001,
  note={Accepted for publication at LICS, 2001,
        available from \url{http://www.csl.sri.com/~ruess/papers/LICS2001/index.html}}
}

@ARTICLE{Shostak84,
	AUTHOR = {R.~E.~Shostak},
	TITLE = {Deciding Combinations of Theories},
	JOURNAL = {Journal of the {ACM}},
	YEAR = {1984},
	VOLUME = {31},
	NUMBER = {1},
	PAGES = {1--12}}

@InProceedings{CSL96,
  author = 	 {D. Cyrluk and P. Lincoln and N. Shankar},
  title = 	 {{On Shostak decision procedure for combinations 
                   of theories}},
  booktitle = 	 {Automated Deduction (CADE 13)},
  pages =	 {463--477},
  year =	 1996,
  editor =	 {M. A. McRobbie and J. K. Slaney},
  volume =	 1104,
  series =	 {Lecture Notes in Artificial Intelligence},
  address =	 {New Brunswick, NJ},
  month =	 {July/August},
  publisher =	 {Springer-Verlag}
}

@string{SV = "{Sprin\-ger-Verlag}"}

@Proceedings{rta96,
  title		= "7th International Conference on Rewriting Techniques and
			Applications",
  booktitle	= "7th International Conference on Rewriting Techniques and
			Applications",
  editor	= "Harald Ganzinger",
  publisher	= SV,
  year		= 1996,
  month		= jul,
  address	= "New Brunswick, NJ, USA",
  series	= {Lecture Notes in Computer Science},
  volume	= 1103,
}

@InProceedings{cime,
  author = 	 "Evelyne Contejean and Claude March\'e",
  title = 	 "{CiME: Completion Modulo $E$}",
  crossref =	 "rta96",
  pages =	 "416--419",
  year =	 1996,
  note =	 "System Description available at \url{http://www.lri.fr/~demons/cime.html}",
  ftp =		 "ftp://ftp.lri.fr/LRI/articles/marche/cime-rta96.ps.gz",
  abstract =	 "http://www.lri.fr/~marche/cime-rta96.html",
  url =          "http://www.lri.fr/~demons/cime.html",
  type_publi =	 "icolcomlec",
  topics =	 "team, lri, cclserver",
  clef_labo =    "CM96E"
}

@unpublished{ObjectiveCaml,
  key     = {Ocaml2000},
  title   = {{The Objective Caml language}},
  note    = {\url{http://caml.inria.fr/}}
}

@techreport{GrootePol2000,
  title = { Equational binary decision diagrams},
  author = { J.F. Groote, J.C. van de Pol},
  institution = {Centrum voor Wiskunde en Informatica},
  number = {SEN-R0006},
  year = {2000},
  month = {February}
}

@article{Ackermann54,
  author = {W. Ackermann},
  title = {Solvable Cases of the Decision Problem},
  journal = {Studies in Logic and the Foundation of
             Mathematics},
  publisher = {North-Holland},
  address = {Amsterdam},
  year = {1954}
}

@Article{Bryant:1999:EPE,
  author =       "R. E. Bryant and S. German and M. N. Velev",
  title =        "Exploiting Positive Equality in a Logic of Equality
                 with Uninterpreted Functions",
  journal =      "Lecture Notes in Computer Science",
  volume =       "1633",
  pages =        "470--??",
  year =         "1999"
}

@Article{Goel:1998,
  author =       "A. Goel and K. Sajid and H. Zhou and A. Aziz",
  title =        "{BDD} Based Procedures for a Theory of Equality with
                 Uninterpreted Functions",
  journal =      "Lecture Notes in Computer Science",
  volume =       "1427",
  pages =        "244--??",
  year =         "1998"
}


@inproceedings{Burch&Dill94,
	AUTHOR = {J. R. Burch and D. L. Dill},
	TITLE = {Automatic Verification of Pipelined Microprocessor Control},
	BOOKTITLE = {Proceedings of CAV'94},
	MONTH = jun,
	YEAR = 1994,
	EDITOR = {David Dill},
	ADDRESS = {Stanford, CA},
	PAGES = {68--80},
	PUBLISHER = {Springer-Verlag},
	SERIES = {Lecture Notes in Computer Science},
	VOLUME = 818
}


@techreport{Cyrluk93:TR,
	AUTHOR = {D. Cyrluk},
	TITLE = {Microprocessor Verification in {PVS}: A Methodology
		and Simple Example},
	NUMBER = {SRI-CSL-93-12},
	INSTITUTION = {Computer Science Laboratory},
	YEAR = 1993,
	ADDRESS = {Menlo Park, CA, 94025},
	MONTH = dec
}

@INPROCEEDINGS{Moeller98:FMCAD,
	AUTHOR = {O. M{\"o}ller and H. Rue{\ss}},
	TITLE = {Solving Bit-Vector Equations},
	PAGES = {36--48},
        BOOKTITLE = {Formal Methods in Computer-Aided Design (FMCAD '98)},
	YEAR = 1998,
	EDITOR = {G. Gopalakrishnan and Ph. Windley},
	ADDRESS = {Palo Alto, CA},
	MONTH = nov,
	PUBLISHER = {Springer-Verlag},
	SERIES = {Lecture Notes in Computer Science},
	VOLUME = 1522
}


@inproceedings{PVS-CADE92,
	AUTHOR = {S. Owre and J. M. Rushby and N. Shankar},
	TITLE = {{PVS}: A Prototype Verification System},
	BOOKTITLE = {Proceedings of CADE'92},
	MONTH = jun,
	YEAR = 1992,
	EDITOR = {D. Kapur},
	PUBLISHER = {Springer-Verlag},
	SERIES = {Lecture Notes in Artificial Intelligence},
	ADDRESS = {Saratoga, NY},
	VOLUME = 607,
	PAGES = {748--752}
}



@inproceedings{Cyrluk96:DP,
	AUTHOR = {D. Cyrluk and P. Lincoln and N. Shankar},
	TITLE = {On {Shostak's} Decision Procedure for Combinations of
		Theories},
	PAGES = {463--477},
	MONTH = jul # {/} # aug,
	YEAR = 1996,
	BOOKTITLE = {Automated Deduction---{CADE-13}},
	EDITOR = {M. A. McRobbie and J. K. Slaney},
	ADDRESS = {New Brunswick, NJ},
	PUBLISHER = {Springer-Verlag},
	SERIES = {Lecture Notes in Artificial Intelligence},
	VOLUME = 1104
}


@INPROCEEDINGS{Dill96:FMCAD,
	AUTHOR = {C. Barrett and D. Dill and J. Levitt},
	TITLE = {Validity Checking for Combinations of Theories with Equality},
	PAGES = {187--201},
        BOOKTITLE = {Formal Methods in Computer-Aided Design (FMCAD '96)},
	YEAR = 1996,
	EDITOR = {Mandayam Srivas and Albert Camilleri},
	ADDRESS = {Palo Alto, CA},
	MONTH = nov,
	PUBLISHER = {Springer-Verlag},
	SERIES = {Lecture Notes in Computer Science},
	VOLUME = 1166
}


@article{BaaderSchulz96,
	AUTHOR = {F. Baader and K. Schulz},
	TITLE = {Unification in the union of disjoint equational theories: {C}ombining
                   decision procedures},
        JOURNAL = {J. Symbolic Computation},
	YEAR = 1996,
        VOLUME = 21,
	PAGES = {211--243}
}

@article{Rusinowitch87,
	AUTHOR = {M. Rusinowitch},
	TITLE = {On Termination of the Direct Sum of Term Rewriting Systems},
        JOURNAL = {Information Processing Letters},
        VOLUME = 26,
	YEAR = 1987,
	PAGES = {65--70}
}

@article{Toyama87,
	AUTHOR = {Y. Toyama},
	TITLE = {On the {C}hurch-{R}osser Property for the Direct Sum of Term Rewriting Systems},
        JOURNAL = {Journal of the ACM},
        VOLUME = 34,
        NUMBER = 1,
	YEAR = 1987,
	PAGES = {128--143}
}

@PHDTHESIS{Bjorner:thesis,
	AUTHOR = {Nikolaj Bj{\o}rner},
	TITLE = {Integrating Decision Procedures for Temporal Verification},
	SCHOOL = {Stanford University},
	YEAR = {1999},
	URL = {http://theory.stanford.edu/people/nikolaj/thesis.ps.gz}
}

@INPROCEEDINGS{Pnueli-etal:CAV99,
	AUTHOR = {Amir Pnueli and Yoav Rodeh and Ofer Shtrichman
		and Michael Siegel},
	TITLE = {Deciding Equality Formulas by Small Domains Instantiations},
	PAGES = {455--469},
	BOOKTITLE = {Proceedings of CAV'99},
	EDITOR = {Nicolas Halbwachs and Doron Peled},
	MONTH = jul,
	YEAR = 1999,
	ADDRESS = {Trento, Italy},
	PUBLISHER = {Springer-Verlag},
	SERIES = {Lecture Notes in Computer Science},
	VOLUME = 1633
}

@Unpublished{FORS2001,
	AUTHOR = {Jean-Christophe Filli{\^a}tre and Sam Owre and
                  Harald Rue{\ss} and and N. Shankar},
	TITLE = {An Integrated Decision Procedure for Equality
                 and Inequality},
	YEAR = {2001},
        NOTE = {Unpublished}
}

@Unpublished{JCF2000,
	AUTHOR = {Jean-Christophe Filli{\^a}tre},
	TITLE = {Hash-consing in an {M}{L} framework},
	YEAR = {2000}
}

@InProceedings{OkasakiGill98,
  author = 	 {Chris Okasaki and Andrew Gill},
  title = 	 {Fast Mergeable Integer Maps},
  booktitle = 	 {Workshop on ML},
  pages =	 {77--86},
  year =	 1998,
  month =	 {September},
  url =          "http://www.cs.columbia.edu/~cdo/ml98maps.ps.gz"
}


@ARTICLE{ACL2,
	AUTHOR = {Matt Kaufmann and J Strother Moore},
	TITLE = {An Industrial Strength Theorem Prover for a
		Logic Based on {Common Lisp}},
	JOURNAL = {IEEE Transactions on Software Engineering},
	YEAR = 1997,
	VOLUME = 23,
	NUMBER = 4,
	PAGES = {203--213},
	MONTH = apr
}

@inproceedings{Zeves,
	AUTHOR = {Mark Saaltink},
	TITLE = {The {Z/EVES} System},
	BOOKTITLE = {{ZUM} '97: The {Z} Formal Specification Notation;
		10th International Conference of {Z} Users},
	PAGES = {72--85},
	MONTH = apr,
	YEAR = 1997,
	ADDRESS = {Reading, UK},
	PUBLISHER = {Springer-Verlag},
	SERIES = {Lecture Notes in Computer Science},
	VOLUME = 1212
}
